% Encoding: UTF-8

@Article{Valverde2008,
  author    = {L. Valverde and S. Ovchinnikov},
  journal   = {Fuzzy Sets and Systems},
  title     = {Representations of T-similarity relations},
  year      = {2008},
  month     = {09},
  number    = {17},
  pages     = {2211--2220},
  volume    = {159},
  doi       = {10.1016/j.fss.2008.01.003},
  publisher = {Elsevier {BV}},
}

@Book{Valverde2015,
  author    = {Valverde, Llorenç},
  publisher = {Editorial UOC},
  title     = {Siete fracasos que han cambiado el mundo: del lavavajillas a la telefonía móvil},
  year      = {2015},
  address   = {Barcelona},
  isbn      = {9788490642252},
  url       = {https://www.editorialuoc.cat/siete-fracasos-que-han-cambiado-el-mundo_2},
}

@PhdThesis{MorenoNavarro2016,
  author = {Moreno-Navarro, Maria del Pilar and Fuente, Ma. Eulàlia, dir. and López-Roldán, Pedro, dir. and Valverde, Llorenç, dir.},
  school = {Universitat Autònoma de Barcelona},
  title  = {Lectura, información y calidad de vida. Construcción de una tipología de uso de la lectura y la información y su relación con la calidad de vida},
  year   = {2016},
  url    = {http://hdl.handle.net/10803/369319},
}

@InCollection{BouchonMeunier1997,
  author    = {Bernadette Bouchon-Meunier and Lloren{\c{c}} Valverde},
  booktitle = {Fuzzy Logic in Artificial Intelligence Towards Intelligent Systems},
  publisher = {Springer Berlin Heidelberg},
  title     = {A resemblance approach to analogical reasoning functions},
  year      = {1997},
  pages     = {266--272},
  doi       = {10.1007/3-540-62474-0_20},
}

@InProceedings{Almirall2010,
  author    = {M. {Almirall} and J. {Rivera} and L. {Valverde}},
  booktitle = {2010 Second International Conference on Mobile, Hybrid, and On-Line Learning},
  title     = {Learning Contents in Mobile Scenarios},
  year      = {2010},
  pages     = {151-157},
  doi       = {10.1109/eLmL.2010.38},
}

@TechReport{Valverde1984,
  author      = {Valverde, L.},
  institution = {EECS Department, University of California, Berkeley},
  title       = {On the Structure of F-Indistinguishability Operators},
  year        = {1984},
  month       = {09},
  number      = {UCB/CSD-84-200},
  url         = {http://www2.eecs.berkeley.edu/Pubs/TechRpts/1984/5948.html},
}

@Comment{jabref-meta: databaseType:bibtex;}